<record><leader>00000cas a22000007a 4500</leader><controlfield tag="001">2253479</controlfield><controlfield tag="008">760620d19021949nduwr ne      0    0eng d</controlfield><controlfield tag="009">501</controlfield><datafield ind1=" " ind2=" " tag="010"><subfield code="a">sn 88076718 </subfield></datafield><datafield ind1=" " ind2=" " tag="040"><subfield code="a">MUL</subfield><subfield code="b">eng</subfield><subfield code="c">MUL</subfield><subfield code="d">OCL</subfield><subfield code="d">NOP</subfield></datafield><datafield ind1=" " ind2=" " tag="019"><subfield code="a">18787675</subfield></datafield><datafield ind1="1" ind2=" " tag="029"><subfield code="a">AU@</subfield><subfield code="b">000025840496</subfield></datafield><datafield ind1=" " ind2=" " tag="042"><subfield code="a">msc</subfield></datafield><datafield ind1="0" ind2="0" tag="245"><subfield code="a">Grafton news and times.</subfield></datafield><datafield ind1="0" ind2="0" tag="246"><subfield code="a">Grafton news and times and Walsh County Republican</subfield></datafield><datafield ind1=" " ind2=" " tag="260"><subfield code="a">Grafton, Walsh County, N.D. :</subfield><subfield code="b">S. E. Bates,</subfield></datafield><datafield ind1=" " ind2=" " tag="300"><subfield code="a">46 v. :</subfield><subfield code="b">ill.</subfield></datafield><datafield ind1=" " ind2=" " tag="310"><subfield code="a">Weekly</subfield></datafield><datafield ind1="0" ind2=" " tag="362"><subfield code="a">Vol. 22, no. 28 (July 11, 1902)-v. 68, no. 41 (Apr. 13, 1949).</subfield></datafield><datafield ind1=" " ind2=" " tag="500"><subfield code="a">Title varies, Apr. 14-July 7, 1911, Grafton news and times and Walsh County Republican.</subfield></datafield><datafield ind1=" " ind2=" " tag="500"><subfield code="a">"Official newspaper of the city of Grafton."</subfield></datafield><datafield ind1=" " ind2=" " tag="500"><subfield code="a">"Fiftieth anniversary edition," Oct. 26, 1932.</subfield></datafield><datafield ind1=" " ind2=" " tag="530"><subfield code="a">Available on microfilm from the State Historical Society of North Dakota.</subfield></datafield><datafield ind1=" " ind2=" " tag="752"><subfield code="a">United States</subfield><subfield code="b">North Dakota</subfield><subfield code="c">Walsh</subfield><subfield code="d">Grafton.</subfield></datafield><datafield ind1="0" ind2="0" tag="780"><subfield code="t">News and times (Grafton, N.D. : 1894)</subfield><subfield code="w">(DLC)sn 88076717</subfield></datafield><datafield ind1="0" ind2="5" tag="780"><subfield code="t">Walsh County Republican</subfield><subfield code="w">(DLC)sn 88076728</subfield></datafield></record>